<record><leader>00000cas a2200000 a 4500</leader><controlfield tag="001">29980817</controlfield><controlfield tag="008">940317d18521854nyuwr ne      0    0eng c</controlfield><datafield ind1=" " ind2=" " tag="010"><subfield code="a">sn 94057728 </subfield></datafield><datafield ind1=" " ind2=" " tag="040"><subfield code="a">NYS</subfield><subfield code="b">eng</subfield><subfield code="c">NYS</subfield><subfield code="d">NVF</subfield><subfield code="d">OCL</subfield><subfield code="d">OCLCQ</subfield><subfield code="d">OCLCF</subfield><subfield code="d">OCLCO</subfield></datafield><datafield ind1="1" ind2=" " tag="029"><subfield code="a">AU@</subfield><subfield code="b">000010929194</subfield></datafield><datafield ind1=" " ind2=" " tag="042"><subfield code="a">pcc</subfield></datafield><datafield ind1=" " ind2=" " tag="043"><subfield code="a">n-us-ny</subfield></datafield><datafield ind1="0" ind2="0" tag="245"><subfield code="a">Jefferson farmer.</subfield></datafield><datafield ind1=" " ind2=" " tag="260"><subfield code="a">Sackets Harbor, N.Y. :</subfield><subfield code="b">J.D. Huntington</subfield></datafield><datafield ind1=" " ind2=" " tag="300"><subfield code="a">v.</subfield></datafield><datafield ind1=" " ind2=" " tag="310"><subfield code="a">Weekly</subfield></datafield><datafield ind1="0" ind2=" " tag="362"><subfield code="a">Vol. 1, no. 1 (May 7, 1852)-v. 2, no. 52 (Apr. 28, 1854) = whole no., 1-104.</subfield></datafield><datafield ind1=" " ind2=" " tag="500"><subfield code="a">"A journal of agriculture, horticulture, miscellany, general intelligence, &amp;c."</subfield></datafield><datafield ind1=" " ind2=" " tag="500"><subfield code="a">O.H. Harris, editor.</subfield></datafield><datafield ind1=" " ind2=" " tag="588"><subfield code="a">Latest issue consulted: Vol. 2, no. 52 (Apr. 28, 1854).</subfield></datafield><datafield ind1=" " ind2="0" tag="651"><subfield code="a">Sackets Harbor (N.Y.)</subfield><subfield code="v">Newspapers.</subfield></datafield><datafield ind1=" " ind2="0" tag="651"><subfield code="a">Jefferson County (N.Y.)</subfield><subfield code="v">Newspapers.</subfield></datafield><datafield ind1=" " ind2="7" tag="655"><subfield code="a">Newspapers.</subfield><subfield code="2">fast</subfield><subfield code="0">(OCoLC)fst01423814</subfield></datafield><datafield ind1=" " ind2="7" tag="651"><subfield code="a">New York (State)</subfield><subfield code="z">Jefferson County.</subfield><subfield code="2">fast</subfield><subfield code="0">(OCoLC)fst01209430</subfield></datafield><datafield ind1=" " ind2="7" tag="651"><subfield code="a">New York (State)</subfield><subfield code="z">Sackets Harbor.</subfield><subfield code="2">fast</subfield><subfield code="0">(OCoLC)fst01225881</subfield></datafield><datafield ind1=" " ind2=" " tag="752"><subfield code="a">United States</subfield><subfield code="b">New York</subfield><subfield code="c">Jefferson</subfield><subfield code="d">Sackets Harbor.</subfield></datafield><datafield ind1="0" ind2="0" tag="780"><subfield code="t">Sackets Harbor observer</subfield><subfield code="w">(DLC)sn 84024306</subfield><subfield code="w">(OCoLC)11123690</subfield></datafield></record>